@inproceedings{wang2017deepvo,
  title={Deepvo: Towards end-to-end visual odometry with deep recurrent convolutional neural networks},
  author={Wang, Sen and Clark, Ronald and Wen, Hongkai and Trigoni, Niki},
  booktitle={2017 IEEE International Conference on Robotics and Automation (ICRA)},
  pages={2043--2050},
  year={2017},
  organization={IEEE}
}

@article{liang2019salientdso,
  title={SalientDSO: Bringing Attention to Direct Sparse Odometry},
  author={Liang, Huai-Jen and Sanket, Nitin J and Ferm{\"u}ller, Cornelia and Aloimonos, Yiannis},
  journal={IEEE Transactions on Automation Science and Engineering},
  year={2019},
  publisher={IEEE}
}

@article{lecun2015deep,
  title={Deep learning},
  author={LeCun, Yann and Bengio, Yoshua and Hinton, Geoffrey},
  journal={nature},
  volume={521},
  number={7553},
  pages={436--444},
  year={2015},
  publisher={Nature Publishing Group}
}

@article{mur2015orb,
  title={ORB-SLAM: a versatile and accurate monocular SLAM system},
  author={Mur-Artal, Raul and Montiel, Jose Maria Martinez and Tardos, Juan D},
  journal={IEEE transactions on robotics},
  volume={31},
  number={5},
  pages={1147--1163},
  year={2015},
  publisher={IEEE}
}

@article{engel2017direct,
  title={Direct sparse odometry},
  author={Engel, Jakob and Koltun, Vladlen and Cremers, Daniel},
  journal={IEEE transactions on pattern analysis and machine intelligence},
  volume={40},
  number={3},
  pages={611--625},
  year={2017},
  publisher={IEEE}
}

@inproceedings{mourikis2007multi,
  title={A multi-state constraint Kalman filter for vision-aided inertial navigation},
  author={Mourikis, Anastasios I and Roumeliotis, Stergios I},
  booktitle={Proceedings 2007 IEEE International Conference on Robotics and Automation},
  pages={3565--3572},
  year={2007},
  organization={IEEE}
}

@inproceedings{liang2015recurrent,
  title={Recurrent convolutional neural network for object recognition},
  author={Liang, Ming and Hu, Xiaolin},
  booktitle={Proceedings of the IEEE conference on computer vision and pattern recognition},
  pages={3367--3375},
  year={2015}
}

@article{chen2016deep,
  title={Deep feature extraction and classification of hyperspectral images based on convolutional neural networks},
  author={Chen, Yushi and Jiang, Hanlu and Li, Chunyang and Jia, Xiuping and Ghamisi, Pedram},
  journal={IEEE Transactions on Geoscience and Remote Sensing},
  volume={54},
  number={10},
  pages={6232--6251},
  year={2016},
  publisher={IEEE}
}

@inproceedings{chung2015recurrent,
  title={A recurrent latent variable model for sequential data},
  author={Chung, Junyoung and Kastner, Kyle and Dinh, Laurent and Goel, Kratarth and Courville, Aaron C and Bengio, Yoshua},
  booktitle={Advances in neural information processing systems},
  pages={2980--2988},
  year={2015}
}

@inproceedings{newcombe2011dtam,
  title={DTAM: Dense tracking and mapping in real-time},
  author={Newcombe, Richard A and Lovegrove, Steven J and Davison, Andrew J},
  booktitle={2011 international conference on computer vision},
  pages={2320--2327},
  year={2011},
  organization={IEEE}
}

@inproceedings{engel2015large,
  title={Large-scale direct SLAM with stereo cameras},
  author={Engel, Jakob and St{\"u}ckler, J{\"o}rg and Cremers, Daniel},
  booktitle={2015 IEEE/RSJ International Conference on Intelligent Robots and Systems (IROS)},
  pages={1935--1942},
  year={2015},
  organization={IEEE}
}

@inproceedings{forster2014svo,
  title={SVO: Fast semi-direct monocular visual odometry},
  author={Forster, Christian and Pizzoli, Matia and Scaramuzza, Davide},
  booktitle={2014 IEEE international conference on robotics and automation (ICRA)},
  pages={15--22},
  year={2014},
  organization={IEEE}
}

@inproceedings{hudson,
  title={End-to-end Visual Odometry for Mobile Robots},
  author={Bruno, Hudson Martins Silva},
  year={2018},
}

@article{pan2017salgan,
  title={Salgan: Visual saliency prediction with generative adversarial networks},
  author={Pan, Junting and Ferrer, Cristian Canton and McGuinness, Kevin and O'Connor, Noel E and Torres, Jordi and Sayrol, Elisa and Giro-i-Nieto, Xavier},
  journal={arXiv preprint arXiv:1701.01081},
  year={2017}
}

@electronic{enun,
 author = {Colombini, Esther},
 title = {Project 4 Specification},
 url = {http://www.ic.unicamp.br/~esther/teaching/2019s2/mo651/P4.pdf},
}

@electronic{quat_angle,
 author = {Robotics, Ch},
 title = {Understanding Quaternions},
 url = {http://www.chrobotics.com/library/understanding-quaternions}
}

@inproceedings{lim2014real,
  title={Real-time 6-DOF monocular visual SLAM in a large-scale environment},
  author={Lim, Hyon and Lim, Jongwoo and Kim, H Jin},
  booktitle={2014 IEEE International Conference on Robotics and Automation (ICRA)},
  pages={1532--1539},
  year={2014},
  organization={IEEE}
}